@online{ExtremeTech,
  author = {Sebastian Anthony},
  title = {What is Google Chrome's Native Client?},
  year = 2018,
  url = {http://www.extremetech.com/computing/96641-what-is-google-chromes-native-client.htm},
  urldate = {2018-02-11}
}

@online{WinNT,
  author = {Chen, Brad },
  title = {"Native Client: A Technology for Running Native Code on the Web".},
  year = 2008,
  url = {Google-code-updates.blogspot.com},
  urldate = {2008-04-08}
}

@online{WinNT,
  author = {Chen, Brad },
  title = {{"Native Client: A Technology for Running Native Code on the Web".},
  year = 2008,
  url = {Google-code-updates.blogspot.com},
  urldate = {2008-04-08}
}

@online{The Register,
  author = {Cade Metz  },
  title = {"Google Native Client: The web of the future â€“ or the past?".},
  year = 2011,
  urldate = {2011-09-17}
}

@online{CNET,
  author = {Seth Rosenblatt  },
  title = {"Native Client turns Chrome into high-end gaming platform"},
  year = 2011,
  urldate = {2011-12-09}
}

@online{Google Code Blog,
  author = {Chen, Brad },
  title = {"Google Code Blog: Games, apps and runtimes come to Native Client"},
  year = 2009,
  url = {Googlecode.blogspot.com. },
  urldate = {2009-12-09}
}

@online{The Chromium Blog,
  author = {Chen, Brad },
  title = {"The Chromium Blog: Native Client Brings Sandboxed Native Code to Chrome Web Store Apps".},
  year = 2011,
  url = {Blog.chromium.org},
  urldate = {2011-08-18}
}

@online{CNET,
  author = {Seth Rosenblatt  },
  title = {""Google Code Blog: Portable Native Client: The "pinnacle" of speed, security, and portability"."},
  year = 2013,
url = {Blog.chromium.org},
  urldate = {2013-11-12}
}

@online{Google Code Blog,
  author = {Chen, Brad },
  title = {"PNaCl: Portable Native Client Executables" },
  year = 2012,
  url = {Googlecode.blogspot.com. },
  urldate = {2012-05-02}
}

@online{Mozilla,
  author = {Metz, Cade  },
  title = {"Mozilla: Our browser will not run native code"},
  year = 2009,
  url = {Blog.chromium.org},
  urldate = {2009-06-24}
}